<?xml version="1.0" encoding="UTF-8" ?>
<collection xmlns:xsi="http://www.w3.org/2001/XMLSchema-instance"
    xsi:schemaLocation="http://www.loc.gov/MARC21/slim
        http://www.loc.gov/standards/marcxml/schema/MARC21slim.xsd"
    xmlns="http://www.loc.gov/MARC21/slim">
<record>
  <leader>00307cam a2200613 i 4500</leader>
  <controlfield tag="001">b12495967</controlfield>
  <controlfield tag="003">LeBAU</controlfield>
  <controlfield tag="005">20170718</controlfield>
  <controlfield tag="008">970630s1928    ua ac         ||1 0 ara d</controlfield>
  <datafield tag="035" ind1=" " ind2=" ">
    <subfield code="a">ocn784358371</subfield>
  </datafield>
  <datafield tag="040" ind1=" " ind2=" ">
    <subfield code="a">LEAUB</subfield>
    <subfield code="b">ara</subfield>
    <subfield code="e">rda</subfield>
    <subfield code="c">LEAUB</subfield>
    <subfield code="d">LEAUB</subfield>
  </datafield>
  <datafield tag="041" ind1="0" ind2=" ">
    <subfield code="a">ara</subfield>
    <subfield code="a">eng</subfield>
  </datafield>
  <datafield tag="082" ind1="0" ind2="4">
    <subfield code="a">612.84</subfield>
    <subfield code="2">22</subfield>
  </datafield>
  <datafield tag="100" ind1="0" ind2=" ">
    <subfield code="6">880-01</subfield>
    <subfield code="a">Ḥunayn ibn Isḥāq al-ʻIbādī,</subfield>
    <subfield code="d">809?-873,</subfield>
    <subfield code="e">author.</subfield>
  </datafield>
  <datafield tag="245" ind1="1" ind2="0">
    <subfield code="6">880-02</subfield>
    <subfield code="a">Kitāb al-‘ashr maqālāt fī al-‘ayn al-mansūb li-Ḥunayn ibn Isḥāq (194-264 H.) :</subfield>
    <subfield code="b">The earliest existing Systematic Text-book of Ophthalmology / The Arabic Text edited from the only two known Manuscripts, with an English translation and Glossary by Max Meyerhof, M.D., Ph.D.H.C., Oculist in Cairo (Egypt).</subfield>
    <subfield code="c">ṭubi‘a al-naṣṣ al-‘Arabī min al-nuskhatayn al-waḥīdatayn al-ma‘rūfatayn, wa-tarjamahu ilá al-Injlīzīyah ma‘a bayān sharḥ al-muṣṭalaḥāt wa-mu‘jam al-asmā’ al-ṭibbīyah al-Duktūr Maks Māyirhūf, ṭabīb al-‘uyūn bi-al-Qāhirah = THE BOOK OF THE TEN TREATISES ON THE EYE ASCRIBED TO HUNAIN IBN IS-HÂQ  (809-877 A.D.) :</subfield>
    <subfield code="b">The earliest existing Systematic Text-book of Ophthalmology / The Arabic Text edited from the only two known Manuscripts, with an English translation and Glossary by Max Meyerhof, M.D., Ph.D.H.C., Oculist in Cairo (Egypt).</subfield>
  </datafield>
  <datafield tag="246" ind1="3" ind2="0">
    <subfield code="6">880-03</subfield>
    <subfield code="a">al-‘Ashr maqālāt fī al-‘ayn al-mansūb li-Ḥunayn ibn Isḥāq (194-264 H.)</subfield>
  </datafield>
  <datafield tag="246" ind1="3" ind2="1">
    <subfield code="a">Kitāb Ḥunayn ibn Isḥāq fī tarkīb al-‘ayn wa-‘ilalihā wa-‘ilājihā ‘alá ra’y Abuqrāṭ wa-Jālīnūs :</subfield>
    <subfield code="b">wa-hiya ‘ashr maqālāt</subfield>
  </datafield>
  <datafield tag="246" ind1="3" ind2="3">
    <subfield code="6">880-04</subfield>
    <subfield code="a">كتاب حنين بن إسحق في تركيب العين وعللها وعلاجها على رأي ابقراط وجالينوس :</subfield>
    <subfield code="b">وهي عشر مقالات</subfield>
  </datafield>
  <datafield tag="246" ind1="3" ind2="3">
    <subfield code="a">Book of Hunain ibn Ishaq on the structure of the eye, its diseases and their treatment according to the conception of Hippocrates and Galen :</subfield>
    <subfield code="b">in ten treatises</subfield>
  </datafield>
  <datafield tag="264" ind1=" " ind2="1">
    <subfield code="6">880-05</subfield>
    <subfield code="a">al-Qāhirah :</subfield>
    <subfield code="b">al-Maṭba‘ah al-Amīrīyah,</subfield>
    <subfield code="c">1928.</subfield>
  </datafield>
  <datafield tag="300" ind1=" " ind2=" ">
    <subfield code="6">880-06</subfield>
    <subfield code="a">222, 227, LIII, 4 unnumbered leaves of plates :</subfield>
    <subfield code="b">illustrations ;</subfield>
    <subfield code="c">25 cm</subfield>
  </datafield>
  <datafield tag="336" ind1=" " ind2=" ">
    <subfield code="a">text</subfield>
    <subfield code="b">txt</subfield>
    <subfield code="2">rdacontent</subfield>
  </datafield>
  <datafield tag="336" ind1=" " ind2=" ">
    <subfield code="a">still image</subfield>
    <subfield code="b">sti</subfield>
    <subfield code="2">rdacontent </subfield>
  </datafield>
  <datafield tag="337" ind1=" " ind2=" ">
    <subfield code="a">unmediated</subfield>
    <subfield code="b">n</subfield>
    <subfield code="2">rdamedia</subfield>
  </datafield>
  <datafield tag="338" ind1=" " ind2=" ">
    <subfield code="a">volume</subfield>
    <subfield code="b">nc</subfield>
    <subfield code="2">rdacarrier</subfield>
  </datafield>
  <datafield tag="504" ind1=" " ind2=" ">
    <subfield code="a">يتضمن مراجع ببليوغرافية وكشافات.</subfield>
  </datafield>
  <datafield tag="546" ind1=" " ind2=" ">
    <subfield code="a">النص بالعربية والإنجليزية.</subfield>
  </datafield>
  <datafield tag="590" ind1=" " ind2=" ">
    <subfield code="a">نسخة مكتبة يافث الأولى عبارة عن إعادة إصدار لطبعة المطبعة الأميرية، 1928.</subfield>
  </datafield>
  <datafield tag="650" ind1=" " ind2="4">
    <subfield code="a">طب العيون</subfield>
    <subfield code="v">اعمال قديمة حتى 1800.</subfield>
  </datafield>
  <datafield tag="650" ind1=" " ind2="4">
    <subfield code="a">العين</subfield>
    <subfield code="x">الأمراض</subfield>
    <subfield code="v">اعمال قديمة حتى 1800.</subfield>
  </datafield>
  <datafield tag="650" ind1=" " ind2="4">
    <subfield code="a">الطب العربي</subfield>
    <subfield code="v">اعمال قديمة حتى 1800.</subfield>
  </datafield>
  <datafield tag="650" ind1=" " ind2="0">
    <subfield code="a">Ophthalmology</subfield>
    <subfield code="v">Early works to 1800.</subfield>
  </datafield>
  <datafield tag="650" ind1=" " ind2="0">
    <subfield code="a">Eye</subfield>
    <subfield code="x">Diseases</subfield>
    <subfield code="v">Early works to 1800.</subfield>
  </datafield>
  <datafield tag="650" ind1=" " ind2="0">
    <subfield code="a">Medicine, Arab</subfield>
    <subfield code="v">Early works to 1800.</subfield>
  </datafield>
  <datafield tag="700" ind1="1" ind2=" ">
    <subfield code="6">880-07</subfield>
    <subfield code="a">Meyerhof, Max,</subfield>
    <subfield code="d">1874-1945,</subfield>
    <subfield code="e">translator.</subfield>
  </datafield>
  <datafield tag="700" ind1="1" ind2=" ">
    <subfield code="6">880-08</subfield>
    <subfield code="a">Meyerhof, Max,</subfield>
    <subfield code="d">1874-1945,</subfield>
    <subfield code="e">compiler.</subfield>
  </datafield>
  <datafield tag="852" ind1=" " ind2=" ">
    <subfield code="a">Jafet Library</subfield>
    <subfield code="e">American University of Beirut, Bliss Street , Beirut, Lebanon.</subfield>
  </datafield>
  <datafield tag="852" ind1=" " ind2=" ">
    <subfield code="a">Jafet Archives and Special Collections</subfield>
    <subfield code="e">American University of Beirut, Bliss Street , Beirut, Lebanon.</subfield>
  </datafield>
  <datafield tag="852" ind1=" " ind2=" ">
    <subfield code="a">Jafet Library</subfield>
    <subfield code="e">American University of Beirut, Bliss Street , Beirut, Lebanon.</subfield>
  </datafield>
  <datafield tag="880" ind1="0" ind2=" ">
    <subfield code="6">100-01/(3/r</subfield>
    <subfield code="a">حنين بن اسحاق العبادي،</subfield>
    <subfield code="d">809؟-873،</subfield>
    <subfield code="e">مؤلف. </subfield>
    <subfield code="4">aut.</subfield>
  </datafield>
  <datafield tag="880" ind1="1" ind2="0">
    <subfield code="6">245-02/(3/r</subfield>
    <subfield code="a">كتاب العشر مقالات في العين المنسوب لحنين بن إسحق (194-264 هـ.) :</subfield>
    <subfield code="b">aqdam kitāb fī ṭibb al-‘uyūn ullifah ‘alá al-ṭarīqah al-‘ilmīyah /</subfield>
    <subfield code="c">طبع النص العربي من النسختين الوحيدتين المعروفتين، وترجمه الى الإنجليزية مع بيان شرح المصطلحات ومعجم الأسماء الطبية الدكتور ماكس مايرهوف، طبيب العيون بالقاهرة = THE BOOK OF THE TEN TREATISES ON THE EYE ASCRIBED TO HUNAIN IBN IS-HÂQ  (809-877 A.D.) :</subfield>
    <subfield code="b">The earliest existing Systematic Text-book of Ophthalmology / The Arabic Text edited from the only two known Manuscripts, with an English translation and Glossary by Max Meyerhof, M.D., Ph.D.H.C., Oculist in Cairo (Egypt).</subfield>
  </datafield>
  <datafield tag="880" ind1="3" ind2="0">
    <subfield code="6">246-03/(3/r</subfield>
    <subfield code="a">العشر مقالات في العين المنسوب لحنين بن إسحق (194-264 هـ.)</subfield>
  </datafield>
  <datafield tag="880" ind1="3" ind2="3">
    <subfield code="6">246-04/(3/r</subfield>
    <subfield code="a">BOOK OF THE TEN TREATISES ON THE EYE ASCRIBED TO HUNAIN IBN IS-HÂQ  (809-877 A.D.) :</subfield>
    <subfield code="b">The earliest existing Systematic Text-book of Ophthalmology</subfield>
  </datafield>
  <datafield tag="880" ind1=" " ind2="1">
    <subfield code="6">264-05/(3/r</subfield>
    <subfield code="a">القاهرة :</subfield>
    <subfield code="b">المطبعة الأميرية،</subfield>
    <subfield code="c">1928.</subfield>
  </datafield>
  <datafield tag="880" ind1=" " ind2=" ">
    <subfield code="6">300-06/(3/r</subfield>
    <subfield code="a">222، 227، LIII صفحة، 3 ورقات لوحات غير مرقمة :</subfield>
    <subfield code="b">مصورات ؛</subfield>
    <subfield code="c">25 سم</subfield>
  </datafield>
  <datafield tag="880" ind1="1" ind2=" ">
    <subfield code="6">700-07/(3/r</subfield>
    <subfield code="a">مايرهوف، ماكس،</subfield>
    <subfield code="d">1874-1945،</subfield>
    <subfield code="e">مترجم. </subfield>
    <subfield code="4">trl</subfield>
  </datafield>
  <datafield tag="880" ind1="1" ind2=" ">
    <subfield code="6">700-08/(3/r</subfield>
    <subfield code="a">مايرهوف، ماكس،</subfield>
    <subfield code="d">1874-1945،</subfield>
    <subfield code="e">معد. </subfield>
    <subfield code="4">com.</subfield>
  </datafield>
  <datafield tag="907" ind1=" " ind2=" ">
    <subfield code="a">.b12495967</subfield>
    <subfield code="b">17-07-26</subfield>
    <subfield code="c">11-05-24</subfield>
  </datafield>
  <datafield tag="907" ind1=" " ind2=" ">
    <subfield code="a">.b12495967</subfield>
    <subfield code="b">11-10-11</subfield>
    <subfield code="c">11-05-24</subfield>
  </datafield>
  <datafield tag="945" ind1=" " ind2=" ">
    <subfield code="f">CA</subfield>
    <subfield code="a">612.84:I13kA:c.1</subfield>
    <subfield code="i">01066266</subfield>
    <subfield code="j">.i12990401</subfield>
    <subfield code="l">u0304</subfield>
  </datafield>
  <datafield tag="945" ind1=" " ind2=" ">
    <subfield code="f">CA</subfield>
    <subfield code="a">612.84:I13kA:c.2</subfield>
    <subfield code="i">00177351</subfield>
    <subfield code="j">.i1971385x</subfield>
    <subfield code="l">u0304</subfield>
  </datafield>
  <datafield tag="945" ind1=" " ind2=" ">
    <subfield code="f">J</subfield>
    <subfield code="a">612.84:I13kA:c.1</subfield>
    <subfield code="i">00492017</subfield>
    <subfield code="j">.i12990395</subfield>
    <subfield code="l">u0503</subfield>
  </datafield>
  <datafield tag="945" ind1=" " ind2=" ">
    <subfield code="f">J</subfield>
    <subfield code="a">612.84:I13kA:c.2</subfield>
    <subfield code="i">01028282</subfield>
    <subfield code="j">.i12990413</subfield>
    <subfield code="l">u0503</subfield>
  </datafield>
  <datafield tag="998" ind1=" " ind2=" ">
    <subfield code="a">(3)u03</subfield>
    <subfield code="a">(2)u05</subfield>
    <subfield code="b">97-06-30</subfield>
    <subfield code="c">m</subfield>
    <subfield code="d">a</subfield>
    <subfield code="e">-</subfield>
    <subfield code="f">ara</subfield>
    <subfield code="g">ua </subfield>
    <subfield code="h">0</subfield>
    <subfield code="i">5</subfield>
  </datafield>
</record>
</collection>
